<?xml version="1.0" encoding="UTF-8"?><record xmlns="http://www.loc.gov/MARC21/slim" xmlns:cinclude="http://apache.org/cocoon/include/1.0" xmlns:zs="http://www.loc.gov/zing/srw/">
  <leader>00678cz  a2200193n  4500</leader>
  <controlfield tag="001">n  88533204 </controlfield>
  <controlfield tag="003">DLC</controlfield>
  <controlfield tag="005">19930817065657.1</controlfield>
  <controlfield tag="008">920603n| acaaaaaa|          |a ana |||  </controlfield>
  <datafield tag="010" ind1=" " ind2=" ">
    <subfield code="a">n  88533204 </subfield>
  </datafield>
  <datafield tag="040" ind1=" " ind2=" ">
    <subfield code="a">DLC</subfield>
    <subfield code="c">DLC</subfield>
    <subfield code="d">DLC</subfield>
  </datafield>
  <datafield tag="130" ind1=" " ind2="0">
    <subfield code="a">Qurʼān aur jadīd ʻilm-i kalām sīrīz</subfield>
  </datafield>
  <datafield tag="410" ind1="2" ind2="0">
    <subfield code="a">Furqāniyah Akaiḍmī Trasṭ (Bangalore, India).</subfield>
    <subfield code="t">Qurʼān aur jadīd ʻilm-i kalām sīrīz</subfield>
  </datafield>
  <datafield tag="642" ind1=" " ind2=" ">
    <subfield code="a">2</subfield>
    <subfield code="5">DLC</subfield>
  </datafield>
  <datafield tag="643" ind1=" " ind2=" ">
    <subfield code="a">Banglor</subfield>
    <subfield code="b">Furqāniyah Akaiḍmī Ṭrast</subfield>
  </datafield>
  <datafield tag="644" ind1=" " ind2=" ">
    <subfield code="a">f</subfield>
    <subfield code="5">DLC</subfield>
  </datafield>
  <datafield tag="645" ind1=" " ind2=" ">
    <subfield code="a">t</subfield>
    <subfield code="5">DLC</subfield>
  </datafield>
  <datafield tag="646" ind1=" " ind2=" ">
    <subfield code="a">s</subfield>
    <subfield code="5">DLC</subfield>
  </datafield>
  <datafield tag="670" ind1=" " ind2=" ">
    <subfield code="a">Nadvi, M. S. Qurʼān-i Ḥakīm aur ʻilm-i nabātāt, 1990:</subfield>
    <subfield code="b">t.p. (Qurʼān aur jadīd ʻilm-i kalām sīrīz)</subfield>
  </datafield>
</record>